@misc{ying2022formalization,
      title={A Formalization of Doob's Martingale Convergence Theorems in mathlib}, 
      author={Kexing Ying and RÃ©my Degenne},
      year={2022},
      eprint={2212.05578},
      archivePrefix={arXiv},
      primaryClass={cs.LO}
}